@misc{ve477,
	title={VE477 -- Introduction to Algorithms (lecture slides)},
	author={Manuel},
	year=2019,
}
@misc{1,
title = {The Algorithm Design Manual -- Generating Partitions},
author = {Steven S. Skiena},
year = 1997,
url = {https://www8.cs.umu.se/kurser/TDBAfl/VT06/algorithms/BOOK/BOOK4/NODE152.HTM},
}
@book{2,
author = {Donald E.Knuth},
title = {The Art of Computer Programming},
year = {2005},
publisher = {Addison-Eesley},
}
@misc{3,
    author =       "Jerome Kelleher",
    title =        "Generating All Partitions: A Comparison Of Two Encodings",
    year =         "2015",
	url = {https://arxiv.org/abs/0909.2331v2},
}
