@misc{ve477,
	title={VE477 -- Introduction to Algorithms (lecture slides)},
	author={Manuel},
	year=2019,
}

@misc{ts,
	title={Support Vector Machine — Introduction to Machine Learning Algorithms},
	author={Rohith Gandhi},
	year=2018,
	url={https://towardsdatascience.com/support-vector-machine-introduction-to-machine-learning-algorithms-934a444fca47},
}

@misc{slides,
	title={VE477 -- Introduction to Algorithms (lecture slides)},
	author={Manuel},
	year=2019,
	url={http://web.mit.edu/6.034/wwwbob/svm-notes-long-08.pdf},
}

@article{scikit,
 title={Scikit-learn: Machine Learning in {P}ython},
 author={Pedregosa, F. and Varoquaux, G. and Gramfort, A. and Michel, V.
         and Thirion, B. and Grisel, O. and Blondel, M. and Prettenhofer, P.
         and Weiss, R. and Dubourg, V. and Vanderplas, J. and Passos, A. and
         Cournapeau, D. and Brucher, M. and Perrot, M. and Duchesnay, E.},
 journal={Journal of Machine Learning Research},
 volume={12},
 pages={2825--2830},
 year={2011}
}

@misc{paper1,
	title={Support Vector Machine Solvers},
	author={L´eon Bottou},
	url={https://leon.bottou.org/publications/pdf/lin-2006.pdf},
}

@misc{coursera,
	title={Applied Machine Learning: Module 2 (Supervised Learning, Part I)},
	author={Coursera},
	year=2020,
	url={https://www.coursera.org/learn/python-machine-learning/ungradedLab/4WOds/lab},
}


