@misc{ve477,
	title={VE477 -- Introduction to Algorithms (lecture slides)},
	author={Manuel},
	year=2019,
}

@misc{2,
	title={Lecture Slides for Algorithm Design},
	author={Pearson},
	url={http://www.cs.princeton.edu/~wayne/kleinberg-tardos},
}

