@misc{ve477,
	title={VE477 -- Introduction to Algorithms (lecture slides)},
	author={Manuel},
	year=2019,
}

@misc{blog,
	title={Summary of Guided Policy Search},
	author={meltycriss},
	year=2019,
	url={https://www.meltycriss.com/2018/05/17/summary-gps/}
}
@inproceedings{paper1,
author = {Levine, Sergey and Koltun, Vladlen},
title = {Guided Policy Search},
year = {2013},
publisher = {JMLR.org},
booktitle = {Proceedings of the 30th International Conference on International Conference on Machine Learning - Volume 28},
pages = {III–1–III–9},
numpages = {9},
location = {Atlanta, GA, USA},
series = {ICML'13}
}