@misc{ve477,
	title={VE477 -- Introduction to Algorithms (lecture slides)},
	author={Manuel},
	year=2019,
}
@article{tut,
  title={A tutorial on spectral clustering},
  author={Von Luxburg, Ulrike},
  journal={Statistics and computing},
  volume={17},
  number={4},
  pages={395--416},
  year={2007},
  publisher={Springer}
}
@misc{slides,
	title={Spectral clustering: an overview},
	author={Maxim Panov},
	year=2015,
	url={www.cis.upenn.edu/~cis515/cis515-15-spectral-clust-chap5.pdf},
}

@misc{stslides,
	title={K Means, Stanford CS221},
	author={Chris Piech},
	year=2012,
	url={https://stanford.edu/~cpiech/cs221/handouts/kmeans.html},
}
@inproceedings{time,
  title={Accurate spectral clustering for community detection in mapreduce},
  author={Tsironis, Serafeim and Sozio, Mauro and Vazirgiannis, Michalis and Poltechnique, LE},
  booktitle={Advances in Neural Information Processing Systems (NIPS) Workshops},
  year={2013},
  organization={Citeseer}
}

