@misc{ve477,
	title={VE477 -- Introduction to Algorithms (lecture slides)},
	author={Manuel},
	year=2019,
}
@misc{1,
title = {The Algorithm Design Manual -- Generating Subsets},
author = {Steven S. Skiena},
year = 1997,
url = {https://www8.cs.umu.se/kurser/TDBAfl/VT06/algorithms/BOOK/BOOK4/NODE152.HTM},
}