@misc{cube,
	title={How to solve the Rubik's Cube?},
	author={Ruwix},
	year=2019,
	url={https://ruwix.com/the-rubiks-cube/how-to-solve-the-rubiks-cube-beginners-method/},
}